@manual{inmetro2003,
	Author = {INMETRO},
	Title = {Vocabulário internacional de termos fundamentais e gerais de
	metrologia},
	Year = {2013},
	Address = {Rio de Janeiro, Brasil},
	Pages = {75},
	isbn = {85-87090-90-9},
}

@inproceedings{soviero1997,
	Author = {P. A. O. Soviero and L. G. M. Lavagna},
	Title = {A Numerical Model for Thin Airfoils in Unsteady Motion},
	Year = {1997},
	Pages = {332-340},
	Volume = {19},
	Number = {3},
	Booktitle = {Journal of the Brazilian Societyt Mechanical Sciences},	
}

@inproceedings{sparrow1980,
	Author = {E. M. Sparrow},
	Title = {Forced Convection Heat Transfer in a Duct Having Spanwise-Periodic
	Rectangular Protuberances},
	Year = {1980},
	Pages = {149-167},
	Volume = {3},
	Booktitle = {Numerical Heat Transfer},
}

@article{arruda2007,
	Author = {M. B. B. Arruda},
	Title = {Como fazer referências: bibliográficas, eletrônicas e demais
	formas de documentos},
	Year = {2007},
	Url = {http://bu.ufsc.br/framerefer.html}
}

@article{coimbra1978,
	Author = {A. L. Coimbra},
	Title = {Lessons of Continuum Mechanics},
	Year = {1978},
	Address = {São Paulo, Brazil},
	Pages = {428},
	Editor = {Edgard Blücher},
}

@inproceedings{bordalo1989,
	Author = {S. N. Bordalo and J. H. Ferziger and S. J. Kline},
	Title = {The Development of Zonal Models for Turbulence},
	Year = {1989},
	Pages = {41-44},
	Booktitle = {Proceedings of the 10th Brazilian Congress of Mechanical
	Engineering}, 
	Volume = {1},	
}

@manual{NBR14724:2011,
	Address = {Rio de Janeiro},
	Date-Added = {2012-12-15 20:34:08 +0000},
	Date-Modified = {2012-12-15 20:35:25 +0000},
	Month = mar,
	Org-Short = {ABNT},
	Organization = {Associa{\c c}\~ao Brasileira de Normas T\'ecnicas},
	Pages = 15,
	Subtitle = {Informa{\c c}\~ao e documenta{\c c}\~ao --- trabalhos acad\^emicos --- apresenta{\c c}\~ao},
	Title = {{NBR} 14724},
	Year = 2011
}

@book{Sommerville2007,
author = {Sommerville, Ian},
title = {Software Engineering},
year = {2007},
isbn = {978-0-321-31379-9, 0-321-31379-8},
edition = {9th},
publisher = {Addison-Wesley Publishing Company},
address = {USA},
}

@book{projetobancodedados,
author = {Heuser, Carlos Alberto},
title = {Projeto de banco de dados},
year = {1998},
edition = {4}
}

@book{sistemadebancos,
author = {Cardoso, Giselle Cristina and Mara, Virginia Cardoso},
title = {Sistema de banco de dados: Uma abordagem introdutória e aplicada},
year = {2013},
edition = {1}
}


@article{clark1986,
	Author = {J. A. Clark},
	Title = {Private Communication},
	Year = {1986},
	Address = {University of Michigan},
}


@manual{NBR6034:2000,
	Address = {Rio de Janeiro},
	Org-Short = {ABNT},
	Organization = {Associa{\c c}\~ao Brasileira de Normas T\'ecnicas},
	Subtitle = {Informa{\c c}\~ao e documenta{\c c}\~ao --- Referências},
	Title = {{NBR} 14724},
	Year = 2000
}

@manual{7975788,
	author={R. {PEREIRA} and C. J. {COSTA} and J. T. {APARICIO}},
	booktitle={2017 12th Iberian Conference on Information Systems and Technologies (CISTI)},
	title={Gamification to support programming learning},
	year={2017},
	pages={1-6},
	keywords={computer aided instruction;computer games;computer science education;programming;gamification;programming learning;programming education;Programming profession;Visualization;Education;Art;Software;Nanoelectromechanical systems;education;learning;programming;gamification},
	doi={10.23919/CISTI.2017.7975788},
	month={June},
}

@manual{PUCRS,
	author={Lucia Maria Martins {GIRAFFA} and Michael da Costa {Mora}},
	title={EVASÃO NA DISCIPLINA DE ALGORITMO E PROGRAMAÇÃO: UM ESTUDO A PARTIR DOS FATORES INTERVENIENTES NA PERSPECTIVA DO ALUNO},
	year={2013},
	pages={1-10},
}

@article{article,
	author = {Micael Souza, Draylson and Helena da Silva Batista, Marisa and Barbosa, Ellen},
	year = {2016},
	month = {08},
	pages = {39},
	title = {Problemas e Dificuldades no Ensino de Programação: Um Mapeamento Sistemático},
	volume = {24},
	journal = {Revista Brasileira de Informática na Educação},
	doi = {10.5753/rbie.2016.24.1.39}
}

@article{seriousGame,
	author = {Piteira, Martinha and R. Haddad, Samir},
	year = {2011},
	month = {07},
	pages = {},
	title = {Innovate in your program computer class: An approach based on a serious game},
	doi = {10.1145/2016716.2016730}
}

@inproceedings{inproceedings,
author = {Dai, Kaiyu and Zhao, Yiming and Chen, Ronghua},
year = {2010},
month = {08},
pages = {2033 - 2038},
title = {Research and Practice on Constructing the Course of Programming Language},
doi = {10.1109/CIT.2010.345}
}


@INPROCEEDINGS{6624228,
author={G. {BARATA} and S. {GAMA} and J. {JORGE} and D. {GONÇALVES}},
booktitle={2013 5th International Conference on Games and Virtual Worlds for Serious Applications (VS-GAMES)},
title={Engaging Engineering Students with Gamification},
year={2013},
volume={},
number={},
pages={1-8},
keywords={Games;Affective computing;Computational modeling;Biomedical monitoring;Psychology;Neuroscience;Sensors},
doi={10.1109/VS-GAMES.2013.6624228},
ISSN={},
month={Sep.},
}

@inproceedings{Deterding:2011:GDE:2181037.2181040,
 author = {Deterding, Sebastian and Dixon, Dan and Khaled, Rilla and Nacke, Lennart},
 title = {From Game Design Elements to Gamefulness: Defining "Gamification"},
 booktitle = {Proceedings of the 15th International Academic MindTrek Conference: Envisioning Future Media Environments},
 series = {MindTrek '11},
 year = {2011},
 isbn = {978-1-4503-0816-8},
 location = {Tampere, Finland},
 pages = {9--15},
 numpages = {7},
 url = {http://doi-acm-org.ez54.periodicos.capes.gov.br/10.1145/2181037.2181040},
 doi = {10.1145/2181037.2181040},
 acmid = {2181040},
 publisher = {ACM},
 address = {New York, NY, USA},
 keywords = {alternate reality games, game-based technologies, gameful design, gamefulness, games, gamification, pervasive games, play, playful design, playfulness, serious games},
} 

@Article{Dickey2005,
author="Dickey, Michele D.",
title="Engaging by design: How engagement strategies in popular computer and video games can inform instructional design",
journal="Educational Technology Research and Development",
year="2005",
month="Jun",
day="01",
volume="53",
number="2",
pages="67--83",
abstract="Computer and video games are a prevalent form of entertainment in which the purpose of the design is to engage players. Game designers incorporate a number of strategies and tactics for engaging players in ``gameplay.'' These strategies and tactics may provide instructional designers with new methods for engaging learners. This investigation presents a review of game design strategies and the implications of appropriating these strategies for instructional design. Specifically, this study presents an overview of the trajectory of player positioning or point of view, the role of narrative, and methods of interactive design. A comparison of engagement strategies in popular games and characteristics of engaged learning is also presented to examine how strategies of game design might be integrated into the existing framework of engaged learning.",
issn="1556-6501",
doi="10.1007/BF02504866",
url="https://doi.org/10.1007/BF02504866"
}

@article{Prensky:2003:DGL:950566.950596,
 author = {Prensky, Marc},
 title = {Digital Game-based Learning},
 journal = {Comput. Entertain.},
 issue_date = {October 2003},
 volume = {1},
 number = {1},
 month = oct,
 year = {2003},
 issn = {1544-3574},
 pages = {21--21},
 numpages = {1},
 url = {http://doi-acm-org.ez54.periodicos.capes.gov.br/10.1145/950566.950596},
 doi = {10.1145/950566.950596},
 acmid = {950596},
 publisher = {ACM},
 address = {New York, NY, USA},
 keywords = {computer games, digital, education, games, generational change, learning, motivation, teachers, video games},
} 

@Article{Arena2014,
author="Arena, Dylan A.
and Schwartz, Daniel L.",
title="Experience and Explanation: Using Videogames to Prepare Students for Formal Instruction in Statistics",
journal="Journal of Science Education and Technology",
year="2014",
month="Aug",
day="01",
volume="23",
number="4",
pages="538--548",
abstract="Well-designed digital games can deliver powerful experiences that are difficult to provide through traditional instruction, while traditional instruction can deliver formal explanations that are not a natural fit for gameplay. Combined, they can accomplish more than either can alone. An experiment tested this claim using the topic of statistics, where people's everyday experiences often conflict with normative statistical theories and a videogame might provide an alternate set of experiences for students to draw upon. The research used a game called Stats Invaders!, a variant of the classic videogame Space Invaders. In Stats Invaders!, the locations of descending alien invaders follow probability distributions, and players need to infer the shape of the distributions to play well. The experiment tested whether the game developed participants' intuitions about the structure of random events and thereby prepared them for future learning from a subsequent written passage on probability distributions. Community-college students who played the game and then read the passage learned more than participants who only read the passage.",
issn="1573-1839",
doi="10.1007/s10956-013-9483-3",
url="https://doi.org/10.1007/s10956-013-9483-3"
}

@Article{LearningProgramming,
author={Sébastien {COMBÉFIS} and Gytautas {BERESNEVIČIUS} and Valentina {DAGIENĖ}},
title="Learning Programming through Games and Contests: Overview, Characterisation and Discussion",
journal="Olympiads in Informatics",
year="2016",
volume="10",
doi="10.15388/ioi.2016.03",
url="https://ioinformatics.org/journal/v10_2016_39_60.pdf",
}

@article{funcional,
author = {Thais, Helena and Castro, Thais and Nogueira De Castro Júnior, Alberto and Silva De Menezes, Crediné and Cláudia, Maria and Boeres, M and Maria, Christina and Pedrosa, Valli and , Rauber},
year = {2002},
month = {07},
pages = {3000-69077},
title = {Utilizando programação funcional em disciplinas introdutórias de computação}
}

@Article{Brazil,
	author = {André Brazil e Lúcia Baruque},
	title = {Gamificação Aplicada na Graduação em Jogos Digitais},
	journal = {Brazilian Symposium on Computers in Education (Simpósio Brasileiro de Informática na Educação - SBIE)},
	volume = {26},
	number = {1},
	year = {2015},
	keywords = {},
	issn = {2316-6533},	
	pages = {677},
	doi = {10.5753/cbie.sbie.2015.677},
	url = {https://www.br-ie.org/pub/index.php/sbie/article/view/5338}
}

@article{ambap,
author = {Almeida, Eliana and Costa, Evandro and Costa, B and Dos, Klebson and Silva, S and De, Rodrigo and Paes, B and Atanasio, André and Almeida, M and D Herrera Braga, Julian},
year = {2019},
month = {09},
pages = {},
title = {AMBAP: Um Ambiente de Apoio ao Aprendizado de Programação}
}

@article{SBIE6739,
	author = {Ewerton Raposo e Vanessa Dantas},
	title = {O Desafio da Serpente - Usando gamification para motivar alunos em uma disciplina introdutória de programação},
	journal = {Brazilian Symposium on Computers in Education (Simpósio Brasileiro de Informática na Educação - SBIE)},
	volume = {27},
	number = {1},
	year = {2016},
	keywords = {},
	issn = {2316-6533},	
	pages = {577},
	url = {https://www.br-ie.org/pub/index.php/sbie/article/view/6739}
}

@article{vieira2015dificuldades,
  title={Dificuldades no Processo de Aprendizagem de Algoritmos: uma Análise dos Resultados na Disciplina de AL1 do Curso de Sistemas de Informação da FAETERJ--Campus Paracambi},
  author={Vieira, Carlos Eduardo Costa and de Lima Junior, José Augusto Teixeira and de Paula Vieira, Priscila},
  journal={Cadernos UniFOA},
  volume={10},
  number={27},
  pages={5--15},
  year={2015}
}

@article{de2009visualg,
  title={VisuAlg-Ferramenta de apoio ao ensino de programação},
  author={de Souza, Cláudio Morgado},
  journal={Revista Eletrônica TECCEN},
  volume={2},
  number={2},
  pages={01--09},
  year={2009}
}

@article{EaDF440,
	author = {Bianca Tolomei},
	title = {A Gamificação como Estratégia de Engajamento e Motivação na Educação},
	journal = {EAD EM FOCO},
	volume = {7},
	number = {2},
	year = {2017},
	keywords = {gameficação, educação online, aprendizagem},
	abstract = {O fenômeno da gamificação tem ampliado a criação de experiências e pesquisas em diversas áreas como marketing, treinamentos corporativos e na Educação, que é o foco deste artigo. Aqui serão abordadas perspectivas teóricas no intuito de demonstrar que os elementos da gamificação aplicados em atividades de aprendizagem podem proporcionar o aumento do engajamento e da motivação em atividades educacionais. Para isso foram selecionados trabalhos de cunho bibliográfico e exemplos de experiências reais que exploram o tema e que fazem uma análise crítica pertinente ao assunto. Foi possível perceber carência de literatura sobre o tema e, além disso, que a gamificação é muitas vezes entendida como um jogo, por ter sua vertente originada no design de jogos. É constatado que, para entender a utilização da gamificação, precisamos primeiramente entender o que é um jogo e suas funções, para depois estabelecer sua funcionalidade e empregabilidade na Educação.Palavras-chave: Gamificação, Aprendizagem, Educação online.The Gamification as a Strategy for Engagement and Motivation in Education Abstract The gamification phenomenon has expanded creating experiences and research in areas such as marketing, corporate training and also in education, which is the focus of this article. It will be addressed theoretical perspectives in order to demonstrate that gamification elements applied in learning activities can provide engagement and motivation growth in educational activities. For this we selected bibliographical works and examples of real experiences that explore the theme and make critical analysis relevant to the subject. It was revealed a lack of literature on the subject and, moreover, that gamification is often understood as a game, due to its aspects related to game design. It is known that, in order to understand the use of gamification, we first need to understand what is a game and its functions, and then establish its functionality and usability in education.Keywords: Gamification, Learning, Online education.},
	issn = {2177-8310},	
	doi = {10.18264/eadf.v7i2.440},
	url = {http://eademfoco.cecierj.edu.br/index.php/Revista/article/view/440}
}

@book{da2014gamificaccao,
  title={Gamifica{\c{c}}{\~a}o na educa{\c{c}}{\~a}o},
  author={da Silva, Andreza Regina Lopes and Catapan, Araci Hack and da Silva, Cl{\'a}udio Henrique and Reategui, Eliseo Berni and Spanhol, Fernando Jos{\'e} and Golfetto, Ildo Francisco and Diana, Juliana Bordinh{\~a}o and Alves, Lynn Rosalina Gama and Fadel, Luciane Maria and Lindner, Lu{\'\i}s H and others},
  year={2014},
  publisher={Pimenta Cultural}
}

@inproceedings{raposo2016desafio,
  title={O Desafio da Serpente-Usando gamification para motivar alunos em uma disciplina introdut{\'o}ria de programa{\c{c}}{\~a}o},
  author={Raposo, Ewerton Henning Souto and Dantas, Vanessa},
  booktitle={Brazilian Symposium on Computers in Education (Simp{\'o}sio Brasileiro de Inform{\'a}tica na Educa{\c{c}}{\~a}o-SBIE)},
  volume={27},
  number={1},
  pages={577},
  year={2016}
}

@book{chou2017actionable,
  title={Actionable gamification: Beyond points, badges, and leaderboards},
  author={Chou, Yu-kai},
  year={2017},
  publisher={Octalysis Media}
}

@article{hammer,
author = {Lee, Joey and Hammer, Jessica},
year = {2011},
month = {01},
pages = {1-5},
title = {Gamification in Education: What, How, Why Bother?},
volume = {15},
journal = {Academic Exchange Quarterly}
}

@article{KOLIVER,
author = {Koliver and Dorneles and Casa},
year = {2004},
pages ={949-960}
}

@article{Borges,
author = {Borges, Marcos},
year = {2019},
month = {09},
pages = {},
title = {Avaliação de uma metodologia alternativa para a aprendizagem de programação}
}

@misc{MSF,
 author = {Azure, Microsoft},
 editor = {{microsoft}},
 year={2018},
 title = {Estilo de arquitetura de N camadas},
 url = {https://docs.microsoft.com/pt-br/azure/architecture/guide/architecture-styles/n-tier},
 lastchecked = {01.10.2019},
 originalyear = {29.08.2018}
}

@misc{URI,
 author = {Online Judge, URI},
 editor = {{URI}},
 year={2011},
 title = {Uri - Online Judge},
 url = {https://www.urionlinejudge.com.br/judge/pt/countries},
 lastchecked = {14.10.2019},
 originalyear = {2011}
}

@misc{moscow,
 author = {Costa, Flávio},
 editor = {{sitecampus}},
 year={2018},
 title = {Técnica MoSCoW na Priorização dos Requisitos},
 url = {https://sitecampus.com.br/tecnica-moscow-na-priorizacao-dos-requisitos/},
 lastchecked = {16.10.2019},
 originalyear = {21.06.2018}
}

@article{semedo2012ganhos,
  title={Ganhos de produtividade e de sucesso de Metodologias {\'A}geis VS Metodologias em Cascata no desenvolvimento de projectos de software},
  author={Semedo, Maria Jo{\~a}o Moreno and others},
  year={2012}
}

@book{gilb1988principles,
  title={Principles of software engineering management},
  author={Gilb, Tom and Finzi, Susannah},
  volume={11},
  year={1988},
  publisher={Addison-wesley Reading, MA}
}

@article{brooks,
author = {Brooks, Jr, Frederick},
year = {2019},
month = {10},
pages = {},
title = {Essence and Accidents of Software Engineering},
journal = {IEEE Computer. April, 1987. vol. 20: pp. 10-19 : ill. includes bibliography. -- See also Information Processing '86 edited by H.J. Kugler; and Brooks, F.P. 'The Mythical Man-Month,' Addison-Wesley, 1978}
}

@book{pressman,
  title={Engenharia de Software: Uma abordagem profissional},
  author={Pressman, Roger S},
  volume={7},
  year={2011},
  publisher={bookman}
}

@misc{datacamp,
 author = {Datacamp},
 editor = {{Datacamp}},
 year={2014},
 title = {DataCamp},
 url = {https://www.datacamp.com/stories/},
 lastchecked = {16.10.2019},
 originalyear = {2014}
}

@misc{jersey,
 author = {Eclipse},
 editor = {{Jersey}},
 year={2019},
 title = {Jersey},
 url = {https://eclipse-ee4j.github.io/jersey/},
 lastchecked = {16.10.2019},
 originalyear = {}
}


@misc{jdbc,
 author = {DevMedia},
 editor = {{DEVMEDIA}},
 year={2007},
 title = {Instalar e configurar o driver JDBC para Mysql},
 url = {https://www.devmedia.com.br/instalar-e-configurar-o-driver-jdbc-para-mysql/6719},
 lastchecked = {16.10.2019},
 originalyear = {}
}

@misc{css,
 author = {Hostinger},
 editor = {{Hostinger}},
 year={2019},
 title = {O que é CSS?},
 url = {https://www.hostinger.com.br/tutoriais/o-que-e-css-guia-basico-de-css/},
 lastchecked = {16.10.2019},
 originalyear = {}
}

@misc{java,
 author = {W3 Schools},
 editor = {{W3 Schools}},
 year={1999},
 title = {Java Introduction},
 url = {https://www.w3schools.com/java/java_intro.asp},
 lastchecked = {16.10.2019},
 originalyear = {}
}

@misc{vue,
 author = {Vue},
 editor = {{Vue}},
 year={2014},
 title = {Why Vue.js},
 url = {https://vuejs.org/},
 lastchecked = {16.10.2019},
 originalyear = {}
}

@misc{mysql,
 author = {MySql},
 editor = {{MySql}},
 year={2019},
 title = {About MySQL },
 url = {https://www.mysql.com/},
 lastchecked = {16.10.2019},
 originalyear = {}
}

@misc{maven,
 author = {DevMedia},
 editor = {{DevMedia}},
 year={2012},
 title = {Introdução ao Maven},
 url = {https://www.devmedia.com.br/introducao-ao-maven/25128},
 lastchecked = {16.10.2019},
 originalyear = {}
}

@misc{html,
 author = {W3 Schools},
 editor = {{W3 Schools}},
 year={1999},
 title = {HTML5 Tutorial},
 url = {https://www.w3schools.com/html/},
 lastchecked = {16.10.2019},
 originalyear = {}
}


@misc{axios,
 author = {Vue},
 editor = {{Vue}},
 year={2019},
 title = {Usando Axios para Consumir APIs},
 url = {https://br.vuejs.org/v2/cookbook/using-axios-to-consume-apis.html},
 lastchecked = {16.10.2019},
 originalyear = {}
}


@book{gamification,
  title={Como reinventar empresas a partir de jogos},
  author={Vianna, Ysmar and Medina, Bruno and Tanaka, Samara and Vianna, Maurício},
  year={2013},
  publisher={MJV Press}
}

@article{bartle1996hearts,
  title={Hearts, clubs, diamonds, spades: Players who suit MUDs},
  author={Bartle, Richard},
  journal={Journal of MUD research},
  volume={1},
  number={1},
  pages={19},
  year={1996}
}

@misc{bootstrap,
 author = {Bootstrap},
 editor = {{Bootstrap}},
 year={2011},
 title = {Bootstrap},
 url = {https://getbootstrap.com/},
 lastchecked = {19.10.2019},
 originalyear = {2011}
}

@misc{json,
 author = {Crockford, Douglas},
 editor = {{json}},
 year={2019},
 title = {Introdução ao Json},
 url = {https://www.json.org/json-pt.html},
 lastchecked = {19.10.2019},
 originalyear = {}
}

@article{wilker,
author = {Assun{\c{c}}{\~a}o, Wilker Mesquista},
year = {2016},
pages = {1-90},
title = {Ambiente de aprendizagem Gamificado para ensino de Algoritmos.},
}


@misc{tomcat,
 author = {Apache},
 editor ={{Apache}},
 year={2013},
 title = {Apache Tomcat},
 url = {http://tomcat.apache.org/index.html},
 lastchecked = {20.10.2019},
}

@article{tripp1994ieee,
  title={IEEE Standards Collection Software Engineering},
  author={Tripp, L},
  journal={New York, NY: Institute of Electrical and Electronics Engineers},
  year={1994}
}

@article{calixto,
author = {Guilherme de Lima Calixto},
year = {2016},
pages = {1-82},
title = {Fatores relacionados ao ensino de programação: Uma análise das disciplinas introdutórias em cursos de engenharia de softtware.},
}